<record><leader>00000cas a22000007  4500</leader><controlfield tag="001">2391746</controlfield><controlfield tag="008">760823d17041776mauwr ne      0   a1eng d</controlfield><datafield ind1=" " ind2=" " tag="010"><subfield code="a">sn 88086004 </subfield></datafield><datafield ind1=" " ind2=" " tag="040"><subfield code="a">MUL</subfield><subfield code="b">eng</subfield><subfield code="c">MUL</subfield><subfield code="d">NPV</subfield><subfield code="d">NVJ</subfield><subfield code="d">OCL</subfield><subfield code="d">OCLCQ</subfield></datafield><datafield ind1=" " ind2=" " tag="042"><subfield code="a">msc</subfield></datafield><datafield ind1="0" ind2="4" tag="245"><subfield code="a">The Massachusetts gazette and the Boston weekly news-letter.</subfield></datafield><datafield ind1="1" ind2="0" tag="247"><subfield code="a">Boston news-letter</subfield><subfield code="f">1704, 1751</subfield></datafield><datafield ind1="1" ind2="0" tag="247"><subfield code="a">Weekly news-letter</subfield><subfield code="f">1729</subfield></datafield><datafield ind1="1" ind2="0" tag="247"><subfield code="a">Boston weekly news-letter</subfield><subfield code="f">1733, 1768</subfield></datafield><datafield ind1="1" ind2="0" tag="247"><subfield code="a">Boston weekly news-letter and New England chronicle</subfield><subfield code="f">1762</subfield></datafield><datafield ind1="1" ind2="0" tag="247"><subfield code="a">Massachusetts gazette and the Boston news-letter</subfield><subfield code="f">1763</subfield></datafield><datafield ind1="1" ind2="0" tag="247"><subfield code="a">Boston weekly news-letter and the Massachusetts gazette</subfield><subfield code="f">May 1769</subfield></datafield><datafield ind1=" " ind2=" " tag="260"><subfield code="a">Boston, Mass. :</subfield><subfield code="b">Draper's Print. Office,</subfield></datafield><datafield ind1=" " ind2=" " tag="300"><subfield code="a">v.</subfield></datafield><datafield ind1=" " ind2=" " tag="310"><subfield code="a">Weekly</subfield></datafield><datafield ind1=" " ind2=" " tag="588"><subfield code="a">Description based on: No. 3813 (Feb. 21, 1765).</subfield></datafield><datafield ind1=" " ind2=" " tag="752"><subfield code="a">United States</subfield><subfield code="b">Massachusetts</subfield><subfield code="c">Suffolk</subfield><subfield code="d">Boston.</subfield></datafield></record>